2408 3601
499 311 677 356 XXXIV
1001 286 1106 343 TE
1117 284 1160 339 S
1177 284 1284 342 TA
1302 284 1344 340 C
1358 283 1401 340 E
1415 283 1485 339 A.

410 444 614 522 quibus
651 437 926 496 immorari
963 434 1081 489 heic
1110 439 1224 487 non
1259 432 1329 486 est
1368 431 1517 484 loeus
1538 449 1558 498 ,·
1618 428 1931 483 addendum
1972 445 2037 483 ta-

418 550 582 590 men:
629 543 819 601 praeter
861 522 1248 577 restitutionem
1303 519 1537 588 partium
1580 516 1881 571 amisiarum
1928 517 2041 587 plu-

419 621 566 678 ribus
610 611 886 670 vermibus
942 623 1338 671 communem,
1385 605 1530 676 genti
1597 601 1854 656 limaeinae
1916 621 2038 674 pro·

421 711 602 782 prium
648 701 776 766 esle,
822 694 979 770 quod
1017 693 1084 748 de
1128 691 1275 747 nullo
1321 689 1530 746 animali
1583 688 1865 763 hueusque
1920 709 2042 745 con-

424 798 518 852 stat
548 837 561 862 ‚
634 787 867 846 inediam
936 782 1071 836 ultra
1130 797 1337 835 annum
1406 775 1678 850 perferre,
1725 792 2045 851 tantumque

427 880 687 952 temporis
731 869 1075 929 intervallum
1119 868 1321 941 absque
1367 868 1538 937 eapite
1584 867 1906 938 organisque
1942 864 2047 919 sen-

426 972 568 1026 soriis
614 965 802 1019 vivere
828 960 920 1030 ³³),
967 974 1066 1029 pro
1111 974 1169 1011 re
1212 971 1332 1008 nata
1378 954 1501 1007 testa
1548 955 1708 1019 exire,
1753 954 2050 1007 circumva-

427 1058 580 1130 gari,
633 1050 922 1122 rursusque
971 1043 1133 1099 condi
1187 1060 1300 1096 non
1354 1043 1669 1112 capitatam,
1726 1056 2050 1112 aperturam·

429 1162 537 1219 que
583 1137 871 1213 opercuIO,
916 1150 1016 1206 pro
1065 1130 1238 1186 lubitu
1281 1126 1477 1198 effluo,
1525 1127 1788 1182 claudere.

1747 1220 1972 1275 Summa

490 1401 530 1453 *)
559 1397 651 1436 Haec
683 1391 774 1431 mibi
805 1389 934 1441 saepius
965 1384 1156 1426 observata
1184 1395 1273 1422 cum
1307 1380 1426 1421 effatis
1459 1378 1591 1420 clariss.
1631 1381 1800 1420 virorum
1834 1382 2056 1436 Argen-ville

660 1469 898 1518 Zoomorph.
944 1478 981 1515 p.
1015 1474 1086 1515 79.
1136 1458 1178 1499 ἃ
1225 1460 1381 1498 Bomare
1422 1469 1520 1508 aegre
1562 1456 1833 1503 conciliatum-3
1874 1455 1962 1494 huic
1994 1469 2055 1494 co-

662 1544 776 1582 chleae
822 1554 896 1593 52,
944 1538 1081 1590 quibus
1122 1542 1234 1585 caput
1276 1541 1531 1583 amputaverat
1555 1560 1564 1578 ‚
1607 1543 1699 1569 mox
1730 1533 1892 1583 periere,
1925 1531 1978 1569 illi
2009 1544 2056 1569 ex

663 1617 825 1658 centenis
847 1645 856 1662 ‚
891 1627 982 1667 quas
1014 1611 1235 1661 collegerat,
1269 1620 1321 1659 25
1356 1617 1503 1645 tantum
1537 1606 1649 1644 vitam
1679 1606 1717 1644 in
1738 1606 1940 1645 crastinum
1970 1619 2066 1657 pro,

664 1693 884 1736 duxerunt3
950 1688 1100 1738 utrique
1143 1686 1282 1735 absque
1322 1682 1440 1721 dubio
1488 1682 1636 1720 limaces
1675 1679 1913 1733 imposuere,
1967 1680 2058 1720 testa

665 1766 768 1807 haud
801 1765 848 1805 ad
880 1774 1017 1803 nutum
1050 1759 1335 1800 observatorum
1371 1756 1618 1812 prodeuntes,

798 1841 923 1880 Prima
955 1838 1001 1878 de
1034 1836 1174 1875 limacis
1206 1833 1382 1873 decollati
1413 1831 1600 1884 producta
1627 1832 1698 1870 vita
1732 1829 1938 1877 observatio
1957 1859 1966 1877 ,
1998 1844 2061 1870 cu-

666 1921 726 1969 jus
775 1918 937 1969 palmam
988 1911 1211 1967 Wattel3i11
1242 1894 1403 1955 libello,¹
1437 1908 1613 1946 Mel-cure
1659 1906 1704 1945 de
1743 1907 1885 1945 France
1922 1910 2060 1961 1768,

666 2008 704 2045 p.
743 1995 837 2035 161·
870 1988 1000 2043 clariss,
1045 1987 1269 2041 Spalanzaui
1319 1983 1458 2034 eripere
1500 1991 1637 2027 tentat,
1691 1981 1813 2019 neutri
1858 1980 2014 2039 debetur
2048 2010 2057 2027 ,

673 2051 892 2124 Ζίεςειιόηἰέ
934 2063 1056 2108 enim,
1106 2058 1295 2099 Professor
1331 2056 1543 2096 Mathcseos
1585 2054 1823 2102 Havnienfis,
1865 2043 2061 2108 Tran'quess

670 2143 752 2182 bari
793 2141 995 2180 Danorum
1027 2147 1161 2182 natus,
1194 2135 1342 2173 limaces
1376 2142 1568 2172 truncatos
1601 2130 1675 2170 fere
1708 2142 1780 2170 tres
1815 2130 1954 2170 menses
1987 2132 2061 2170 vix-

671 2217 758 2263 isse,
792 2214 951 2266 casuque
984 2210 1123 2251 occisos
1154 2207 1285 2255 fuisse,
1319 2209 1449 2259 viginti
1490 2207 1627 2246 abhinc
1679 2207 1785 2245 annis
1818 2209 1855 2244 {n
1887 2207 2064 2246 Mercure

672 2294 821 2338 danois,
866 2289 1010 2328 Fevrier
1064 2297 1197 2339 1754,
1221 2283 1414 2323 indicavit.
1510 2284 1692 2324 Limaces¹
1741 2280 1872 2320 viscere
1912 2282 2062 2320 cinereo

671 2382 761 2408 cum
792 2364 906 2406 corde
937 2361 1096 2409 exsecto,
1129 2360 1175 2399 ad
1203 2359 1447 2411 quatriduum
1480 2356 1622 2403 vixisse,
1655 2370 1797 2407 corque
1829 2356 2012 2395 exfestum
2039 2369 2060 2394 a

670 2442 781 2496 pulsu
812 2441 860 2480 ad
891 2441 1034 2490 aliquot
1066 2438 1177 2490 horas
1208 2433 1371 2480 cessasse,
1411 2434 1592 2484 salivaque
1633 2430 1883 2470 madefauum
1927 2432 2062 2469 iterum

673 2516 846 2571 pulsasse,
898 2515 971 2553 hoc
1005 2526 1157 2564 quoque
1189 2513 1285 2549 circa
1333 2523 1381 2551 12
1416 2509 1526 2547 horas
1560 2508 1692 2547 eodem
1726 2517 1859 2547 eventu
1887 2507 2062 2544 iteratum

673 2591 802 2637 fuisse,
833 2593 909 2641 jam
931 2590 1062 2640 'Lister
1097 2586 1236 2632 refcrt3
1277 2586 1375 2624 idem
1410 2584 1610 2623 testudines
1651 2581 1837 2621 terrestres
1880 2581 2062 2632 capitibus

672 2666 825 2722 praecisis
857 2667 970 2704 libere
1003 2664 1043 2705 δί
1075 2662 1191 2703 valide
1215 2661 1261 2700 ad
1283 2659 1342 2700 sex
1375 2658 1515 2699 menses
1542 2658 1733 2698 ambulare
1771 2670 1873 2696 anat.
1894 2669 1931 2705 p.
1966 2667 2062 2708 150.
