2408 3601
484 278 547 336 56
1018 271 1445 316 TESTACEA.

410 393 511 442 testa
529 394 680 441 lumini
701 391 976 445 obvertatur,
1013 409 1101 438 non
1135 388 1320 454 conspici
1359 386 1494 453 possit.
1568 388 1769 450 Juniores
1797 386 2036 450 pellucidae,

410 460 536 508 fuseae
560 464 631 507 vix
656 463 774 507 lincis
798 462 919 505 luteis
940 458 1240 508 notatae,atalia
1268 471 1368 501 nota
1389 453 1641 508 noscuntur;
1678 455 1783 498 intra
1800 454 2039 512 marginem

411 544 620 592 aperturae
633 542 803 572 acutum
825 527 926 572 alter
950 522 1061 586 quasi
1083 539 1232 579 margo
1254 523 1439 565 clevatus
1466 522 1686 569 candidus,
1710 537 1727 563 a
1753 520 1889 582 prima
1924 533 2040 563 aetatc

412 592 719 648 observabilis;
754 590 853 637 testa
886 607 990 635 vero
1024 589 1074 633 ad
1117 587 1268 648 justam
1304 585 1642 644 magnitudinem
1681 583 1891 648 produlsta
1913 617 1922 635 ,
1972 586 2039 630 hic

412 659 618 706 secundus
642 674 792 716 margo
816 653 1024 701 evanescit
1042 686 1053 706 ,
1091 654 1156 698 vel
1178 655 1217 697 iu
1241 653 1394 696 labium
1423 649 1709 696 subreflexum
1736 651 1876 696 album
1899 653 2040 712 perdi-

411 742 491 771 tur.
568 726 708 770 Oculo
727 738 889 768 armato
915 722 1107 783 juniores
1133 716 1389 764 subtiliffime
1428 714 1699 762 transversim
1733 713 1880 760 striatae
1922 714 2039 772 suut3

410 792 516 837 striae
547 792 612 836 hae
648 793 688 836 in
725 791 874 835 adultis
915 790 1136 834 elevantur
1165 818 1175 838 ‚
1219 785 1425 848 nudoque
1447 784 1569 830 oculo
1597 779 1939 846 conspiciuntur,
1973 781 2043 827 vel

412 860 591 904 omnino
625 858 856 920 disparent.

551 942 782 990 AnfraRus
819 946 892 1002 5}
928 941 1074 988 variat
1092 939 1241 1005 pallida
1268 939 1387 984 lineis
1411 937 1597 984 candidis

543 1030 685 1077 Tcstae
706 1029 814 1094 saepe
847 1046 990 1075 vacuae
1019 1029 1304 1092 reperiuntur,
1397 1025 1620 1070 Lacertam
1654 1022 1869 1084 juniorem
1912 1022 2041 1084 hujus

414 1098 526 1145 tcstae
543 1097 832 1161 penetralibus
849 1096 1054 1140 inhaerere
1069 1111 1155 1139 non
1184 1091 1312 1138 semel
1347 1092 1462 1143 vidi,
1501 1092 1692 1136 limacem
1720 1089 1956 1134 devorandi
1977 1106 2039 1134 cr·

412 1182 507 1225 g03
560 1167 601 1208 in
639 1161 729 1226 ipso
770 1178 944 1224 quoquc
974 1157 1088 1205 fagio
1124 1161 1356 1209 lacertam,
1411 1174 1539 1219 quam
1570 1155 1694 1200 fimul
1743 1172 1840 1199 cum
1889 1156 2040 1200 Helice

413 1232 612 1276 nemorali
667 1231 709 1274 in
741 1229 861 1273 theca
900 1228 1037 1286 lignea
1064 1223 1254 1276 servavi,
1314 1222 1580 1287 deprehendi
1613 1238 1624 1277 ;
1667 1217 1844 1284 suspicio
1889 1221 2044 1267 dehinc

409 1298 506 1347 clar,
539 1297 762 1342 Pkldmamz
792 1311 844 1339 ex
866 1307 986 1357 parte
1016 1289 1264 1337 confirmata
1286 1288 1358 1336 est.

547 1385 635 1430 Diu
660 1380 871 1432 haefitavi,
903 1397 955 1425 an
981 1379 1110 1424 Helix
1146 1378 1308 1423 Linnaei
1347 1371 1618 1423 nostraess'et
1669 1372 1787 1437 quod
1811 1372 1910 1418 testa
1947 1373 2037 1435 ejus

412 1451 648 1495 umbilicum
676 1483 686 1501 ,
725 1465 770 1493 ac
791 1462 985 1511 apertura
1008 1447 1201 1507 elongata
1226 1446 1407 1493 dicitur,
1441 1456 1481 1487 at
1516 1438 1631 1487 forte
1646 1440 1843 1501 juniores
1870 1454 2035 1487 tantum

413 1533 602 1579 quorum
637 1513 833 1560 foramen
863 1513 1071 1563 centralc,
1094 1513 1156 1555 nti
1187 1513 1230 1555 in
1257 1513 1316 1554 H.
1359 1510 1580 1557 Pomatia,
1616 1505 1862 1551 umbilicum
1894 1508 2039 1551 nomi-

412 1597 502 1634 nat,
536 1583 657 1633 vidit,
682 1596 759 1626 nec
779 1577 1040 1628 observavit,
1078 1576 1178 1621 illud
1202 1577 1245 1620 in
1273 1573 1556 1621 adultioribus
1579 1571 1714 1618 claudi
1725 1590 1736 1628 ;
1772 1589 1846 1616 cur
1873 1574 2036 1633 elonga-

412 1657 499 1694 tam
523 1651 647 1699 dicit,
681 1663 770 1692 non
790 1646 917 1690 video
935 1676 945 1695 ,
976 1658 1172 1707 apertura
1196 1643 1309 1686 enim
1333 1642 1377 1685 in
1401 1638 1554 1686 nostris
1577 1654 1664 1683 non
1699 1639 1830 1696 magis
1867 1639 2036 1696 elonga-

413 1730 478 1764 ta,
516 1731 642 1777 quam
673 1714 715 1757 in
749 1711 960 1758 nemorali.
1033 1711 1323 1771 Synonymon
1346 1738 1357 1759 ,
1402 1704 1522 1768 quod
1552 1704 1652 1749 huic
1697 1719 1748 1749 ex
1789 1704 2036 1764 Argcnville

410 1783 579 1832 tribuit,
616 1783 675 1830 H,
703 1778 911 1824 nemorali
935 1774 1126 1820 debetur.

546 1871 599 1914 In
620 1868 750 1913 horto
771 1861 1140 1923 Fridriclzsdalenst
1155 1876 1266 1912 rara,
1301 1860 1344 1904 in
1367 1857 1676 1921 Rofinburgico
1701 1857 1902 1918 vulgaris.

856 2053 991 2111 249.
1037 2037 1095 2092 H
1111 2036 1214 2091 EL
1228 2035 1247 2090 Ι
1260 2035 1313 2089 X
1360 2050 1575 2088 FULVA.

408 2239 427 2293 l
462 2164 689 2293 bHi-:mlig
733 2159 858 2214 testa
900 2154 1246 2229 imperforata
1271 2152 1489 2225 globo&
1533 2150 1821 2224 pellucida,
1865 2149 2029 2221 fulva,

432 2255 457 2292 a
501 2255 560 2292 ro
606 2254 633 2290 a
695 2252 742 2288 0.

674 2355 797 2400 Dan.
830 2368 1013 2398 'rorAs-
1046 2366 1274 2395 SNEKKEN.

909 2463 1035 2513 diam.
1075 2466 1097 2519 ἑ
1131 2489 1145 2496 -
1187 2476 1209 2522 3
1245 2461 1315 2510 lin,

553 2579 671 2640 Tqsta
711 2576 939 2642 pellucida,
967 2573 1106 2634 glabra
1130 2608 1140 2626 ,
1175 2573 1282 2619 striis
1309 2567 1575 2616 subtilisiimis
1597 2566 1797 2615 confertis
1817 2582 2023 2614 transver-

412 2646 488 2694 lim
517 2647 678 2700 striata,
710 2646 851 2692 colore
868 2641 1021 2690 succini
1042 2643 1368 2711 transpareiitis,
1389 2637 1705 2702 pulchritudine
1728 2636 1769 2681 ἃ
1807 2637 2024 2680 teneritate

1855 2702 1957 2748 nulli
