2408 3601
481 310 566 350 xit
978 286 1130 344 TES
1153 283 1462 346 TACEA.

398 437 532 492 vasis
563 479 579 505 ‚
646 455 758 511 quo
798 436 1166 502 eontinentur,
1222 450 1370 489 extra
1407 450 1606 508 aquam
1633 432 1734 490 sese
1774 431 2028 507 affigunt,

398 526 580 601 ibique
602 526 723 598 post
741 524 944 598 aliquot
968 521 1126 576 horas
1163 520 1490 595 plerumque
1516 538 1766 593 pereunt.

568 686 935 742 Terrestrium
962 682 1016 738 &
1046 682 1383 737 fluviatilium
1412 681 1588 737 vit-Jus-
1619 701 1687 738 ex
1719 681 1899 738 herbis
1930 685 2031 755 est3

400 774 528 831 nudi
562 776 604 830 F
611 792 812 846 ungOS,
856 771 1068 827 Boletos
1088 771 1144 826 &
1171 772 1436 842 Agarieos
1475 772 1717 843 inprimis
1745 773 1800 826 in
1838 770 2035 826 deliciis

398 864 620 934 habent,
667 880 717 916 at
745 859 978 916 inediam
1020 858 1155 913 ultra
1188 859 1354 913 fidem
1387 861 1492 931 pati
1528 858 1768 930 poffunt3
1814 862 2037 914 miratur

400 951 624 1027 quidem
647 951 812 1021 Lessbr
837 946 1256 1014 decemdialem,
1304 964 1408 1018 ego
1431 965 1560 1001 vero
1586 947 1709 1002 Hel.
1746 948 2038 1003 nemorales

401 1041 536 1095 ultra
559 1056 764 1093 annum
795 1036 1000 1111 absque
1031 1036 1182 1089 omni
1211 1037 1572 1104 nutrimento,
1620 1054 1680 1091 ac
1714 1038 1947 1093 Barcina
1983 1035 2040 1090 δε

401 1126 682 1182 Planorbes
695 1143 793 1198 per
817 1127 1054 1195 integros
1080 1119 1284 1177 menses
1300 1124 1355 1177 in
1379 1141 1516 1199 aqua
1538 1125 1818 1179 immutata
1842 1125 2040 1178 omnis·

403 1233 510 1289 que
535 1212 848 1285 vegetabilis
879 1227 1127 1283 experte,
1171 1212 1330 1264 vivos
1349 1210 1580 1282 servavi3
1625 1211 1904 1266 fluviatiles
1924 1227 2041 1283 gut-

403 1302 535 1356 tulas
560 1319 739 1375 aquae,
786 1299 982 1373 hisque
1007 1300 1281 1352 immixtas
1303 1296 1597 1352 moleculas
1627 1313 1861 1353 terrenas
1880 1342 1893 1367 ,
1937 1300 2043 1353 ani-

402 1388 743 1462 malculaque
767 1385 1152 1458 miei-oscopiea
1176 1382 1288 1440 fere
1321 1387 1580 1440 continuo
1605 1387 1938 1459 ingurgitare
1970 1388 2045 1440 vi·

405 1478 483 1545 di,
530 1477 796 1532 terrestres
822 1492 955 1530 vero
988 1473 1095 1529 solo
1122 1472 1355 1527 humore
1378 1474 1536 1541 aeriS,
1581 1473 1876 1548 pluviaque
1894 1489 2043 1529 natu·

407 1565 499 1622 rali
527 1565 616 1620 vel
639 1562 857 1631 faffitia,
884 1579 1077 1637 quam,
1123 1562 1198 1615 uti
1221 1560 1414 1633 plantae
1439 1562 1657 1616 marinae
1676 1579 1902 1636 aquam,
1947 1579 2045 1633 po·

404 1658 474 1710 ris
493 1654 735 1726 corporis
755 1650 1120 1724 undequaque
1147 1647 1363 1703 haufisl‘e
1394 1647 1739 1720 suspicamur,
1783 1652 1950 1704 vitam
1971 1649 2043 1705 su·

405 1743 649 1797 stentare.
732 1740 927 1795 Errant
958 1754 1161 1805 tamen,
1206 1739 1300 1810 qui
1332 1736 1551 1791 testacea
1592 1736 1694 1792 sola
1729 1736 2045 1792 humiditate

409 1846 675 1903 aquarum
714 1825 919 1900 ubique
959 1827 1014 1879 in
1050 1841 1220 1897 poros
1255 1839 1567 1896 penetrante
1600 1826 1788 1879 nutriri
1825 1841 2043 1896 putant,

410 1934 612 1989 organa
645 1916 755 1971 oris
789 1931 892 1968 nee
937 1911 1267 1967 terrestribus
1306 1929 1408 1965 nec
1451 1913 1708 1984 aquaticis
1744 1911 1935 1968 frustra
1965 1916 2046 1967 tri-

410 2005 540 2061 buta
574 2002 691 2058 sunt
719 2045 732 2070 ,
792 2015 1020 2074 utraque
1058 2000 1453 2052 nutrimentum
1493 2016 1586 2052 ore
1631 2016 1823 2070 capere
1863 1997 2049 2071 saepius

413 2091 538 2147 vidi.
670 2091 883 2161 Papyro
913 2103 1137 2161 quoque
1166 2085 1222 2140 δε
1256 2085 1398 2140 ealce
1428 2084 1561 2140 vesei
1588 2085 1870 2155 dicuntur,
1917 2087 2047 2142 mihi

415 2196 547 2235 vero
579 2179 815 2234 Limaces
864 2175 919 2229 8(
953 2175 1157 2231 Helices
1181 2217 1194 2243 ,
1251 2190 1311 2227 ut
1344 2172 1442 2228 sese
1490 2192 1700 2228 earcere
1734 2174 2047 2244 liberarent,

416 2268 653 2322 chartam
675 2264 940 2320 rodebant
969 2262 1026 2318 &
1053 2261 1424 2329 dilacerabant,
1468 2262 1848 2336 lapicicz'czmque
1871 2262 2049 2318 ’(1υᾶ0-

416 2373 543 2410 rum
562 2353 627 2409 ab
662 2354 813 2408 omni
844 2351 987 2405 ealce
1021 2366 1291 2405 remotam
1326 2351 1491 2403 vitam
1522 2349 1720 2421 degere
1749 2349 1884 2405 infra
1912 2350 2049 2423 dixi3

419 2460 530 2517 qvo
553 2441 734 2496 medio
757 2456 984 2513 panem,
1029 2436 1240 2493 caseum
1272 2437 1326 2492 8<
1359 2437 1583 2510 piscium
1608 2437 1834 2493 caudam
1857 2438 2050 2493 salsam-

1856 2544 1964 2599 que

479 2669 520 2719 ⁵⁸)
551 2667 653 2706 Hinc
683 2663 839 2704 effatum
872 2663 1001 2702 Lilleri
1033 2663 1074 2704 ὅ(
1105 2663 1266 2701 aliorum
1299 2665 1456 2705 cochleas
1496 2664 1691 2716 terrestres
1723 2665 1866 2703 marina
1899 2660 1945 2703 ὅθ’*
1977 2662 2054 2702 dul-

649 2738 684 2776 ci
715 2748 812 2787 aqua
840 2747 935 2786 eque
967 2737 1112 2780 necari,
1158 2743 1322 2774 anatem.
1355 2747 1394 2784 p.
1429 2739 1521 2779 81·‚
1552 2733 1590 2771 in
1623 2746 1759 2785 genere
1777 2744 1856 2771 non
1882 2731 1986 2770 valet.
