2408 3601
528 319 637 357 vm
1026 305 1178 361 TES
1198 305 1307 362 TA
1323 306 1504 364 ΕΒΑ.

443 463 644 516 genere
678 448 868 504 similes
904 449 1262 506 domunculas
1297 470 1496 524 genere
1536 453 1761 509 diversas
1806 456 2072 524 habitent,

440 534 584 590 nulla
617 540 842 592 omnino
876 556 942 592 ex
979 557 1210 612 utroque
1243 558 1368 594 nota
1413 539 1771 597 differentialis
1828 547 2076 615 generica

439 624 549 692 peti
578 626 764 694 potesta
897 626 1127 681 Ordines
1154 625 1277 682 hinc
1309 646 1376 682 ex
1406 629 1664 684 structura
1693 634 1891 685 vermis
1912 650 2073 703 gene-

440 709 643 782 raliori3
701 731 899 784 genera
944 732 1012 768 ex
1048 733 1279 769 numero
1324 716 1606 790 figuraque
1645 719 2069 787 tentaculorum,

438 816 507 852 ex
539 799 633 854 {itu
664 801 978 856 oculorum:
1025 801 1404 857 subdivifiones
1437 804 1491 858 δε
1538 804 1737 876 species
1787 825 1854 860 ex
1881 807 2069 878 ligura-

439 888 582 941 tione
603 891 895 963 unicuique
924 890 1062 944 testae
1084 892 1300 962 propria
1324 891 1609 963 depromsi.
1697 895 1825 949 Hoc
1848 895 2070 949 Naturae

435 977 673 1030 maxime
699 995 1008 1049 congruum
1055 978 1179 1046 esse,
1228 998 1294 1033 ex
1328 998 1392 1034 eo
1428 997 1594 1052 patet,
1641 982 1790 1056 quod
1828 982 2069 1037 animalia

439 1061 727 1133 simillima,
773 1083 1102 1140 externaque
1133 1065 1265 1121 facie
1294 1068 1507 1140 prorsus
1543 1068 1760 1137 eadem,
1807 1069 1893 1125 vel
1926 1069 2070 1124 nulla

438 1150 525 1204 vel
557 1153 694 1206 testis
718 1155 920 1208 infinite
959 1155 1308 1223 variantibus,
1357 1155 1475 1227 lege
1511 1173 1690 1211 tamen
1727 1160 1877 1211 omni
1910 1175 2069 1229 gene-

433 1240 621 1293 rationi
647 1241 982 1308 immutabili,
1009 1243 1346 1310 instruantur,
1393 1241 1586 1311 dehinc
1608 1246 1754 1309 ratiO,
1801 1244 1872 1299 ob
1902 1263 2071 1318 quam

434 1323 597 1379 limax
625 1330 798 1382 nudus
821 1328 876 1382 δε
899 1329 1024 1383 testa
1051 1328 1219 1384 tec‘lus
1239 1329 1416 1383 eidem
1445 1329 1649 1398 ordini,
1691 1332 1950 1403 terrestris
1981 1349 2070 1385 ve-

427 1429 521 1479 ·r0,
552 1412 851 1485 fluviatilis
884 1415 939 1471 &
974 1419 1244 1485 marinus,
1306 1417 1445 1472 testae
1481 1417 1604 1472 licet
1637 1418 1909 1473 (imillimae
1943 1420 2066 1486 sint,

433 1499 639 1556 diverso
698 1505 883 1574 generi
939 1503 1174 1560 submitti
1219 1504 1443 1574 debent,
1509 1505 1631 1577 ipsis
1683 1507 1853 1561 oculis
1901 1509 2069 1578 perci·

432 1605 592 1661 pitur.

598 1767 775 1837 Objici
821 1769 1045 1842 quidem
1086 1770 1284 1841 potest,
1332 1769 1582 1824 testarum
1615 1768 1845 1841 hospites
1883 1769 2066 1842 explo-

429 1856 529 1907 rari
564 1857 618 1908 in
650 1854 763 1910 solis
804 1856 1106 1911 domesticis
1136 1854 1386 1923 concedi,
1441 1873 1492 1910 at
1524 1871 1592 1910 ex
1626 1875 1815 1911 eorum
1860 1859 2069 1930 inquisi-

431 1944 573 1995 tione
607 1959 750 1997 tanto
776 1944 896 2014 plus
939 1945 1227 2015 voluptatis
1259 1943 1314 1997 &
1351 1944 1708 1996 emolumenti
1744 1943 2065 1997 redundatu-

427 2047 582 2095 rum,
621 2048 822 2104 quanto
866 2049 1005 2103 opus
1039 2029 1321 2105 quodlibet
1352 2030 1829 2084 artificiosissimum
1868 2033 2061 2102 opifice

428 2114 652 2171 inferius
689 2119 786 2186 est,
844 2117 1057 2174 abunde
1091 2120 1349 2172 evincunt
1380 2117 1776 2173 observationes
1822 2120 1873 2172 in
1907 2136 2062 2173 oeco-

426 2207 610 2259 nomia
647 2204 844 2260 horum
884 2206 1194 2261 animalium
1229 2223 1406 2278 nuper
1456 2207 1701 2261 institutae
1724 2249 1737 2273 ‚
1833 2209 2064 2261 exotico-

429 2310 666 2367 rumque
704 2293 959 2349 limacum
996 2295 1487 2364 investigationem,
1532 2292 1852 2348 increscente
1885 2293 2056 2348 indies

427 2383 480 2434 in
517 2381 808 2436 Historiam
837 2382 1135 2436 naturalem
1164 2379 1384 2450 favore,
1431 2381 1874 2453 Concliyliologis
1913 2400 2059 2454 pere-

429 2469 761 2540 grinantibus
782 2489 924 2525 curae
948 2468 1210 2543 cordique
1238 2468 1493 2537 futuram,
1541 2473 1866 2524 ominamur.
1941 2471 2060 2524 Hac

426 2558 658 2625 ratione,
705 2558 738 2612 fi
770 2576 1040 2632 unquam,
1105 2558 1346 2629 Systema
1363 2556 1789 2629 Conchyiiorum
1819 2557 2053 2610 naturale

430 2643 619 2714 sperari
668 2647 857 2718 potest«
1003 2643 1398 2701 Difficillimum
1453 2646 1675 2719 quidem
1735 2662 2055 2715 argumento

1727 2750 1974 2804 gemino,
