2408 3601
906 315 1380 374 TESTACEA.
1750 338 1854 378 xm

320 485 428 541 que
467 480 681 518 carnem
717 481 746 516 e
785 462 1090 535 longinquo
1131 462 1408 530 olfacient,
1455 461 1597 517 unde
1623 462 1736 535 ‘ipse
1777 469 1937 540 Lister

317 553 420 606 hoc
459 549 687 618 sciverit,
748 552 957 623 ignom.
1070 550 1363 605 Fluviatilia
1389 568 1482 605 ore
1514 550 1569 603 ἃ
1605 552 1726 606 testa
1759 552 1936 610 'hiante

318 638 582 710 guttulam
605 641 740 692 roris
767 655 1019 709 appetere
1037 681 1049 705 ,
1104 636 1282 692 saecula
1309 635 1577 706 majorum
1606 636 1743 709 sapit.

486 726 546 779 In
574 726 900 779 terrestribus
929 724 1199 779 decantata
1230 742 1513 796 poetarum
1547 725 1602 779 &
1639 725 1942 797 pictorum,

317 813 516 887 quibus
543 812 790 886 quaelibet
808 811 1037 866 audendi
1065 811 1414 899 fingendique
1445 813 1695 882 potest-aa,
1719 813 1940 887 fizgitta

318 903 570 955 amatoria
605 918 794 954 revera
830 900 1022 970 existit,
1083 903 1260 972 primo
1296 917 1422 954 vere
1453 898 1655 974 ubique
1685 903 1740 955 in
1779 902 1942 958 hortis

318 990 544 1042 inventu
568 985 752 1052 facilis,
799 989 1080 1059 perpaucis
1107 987 1229 1041 licet
1254 986 1560 1041 mortalium
1588 1006 1829 1063 unquam
1869 993 1942 1045 vi·

317 1073 365 1130 fa
397 1075 470 1129 fit.
617 1075 1183 1148 Conchyliologorum
1215 1076 1466 1146 princeps
1498 1076 1658 1147 Lister
1684 1092 1803 1131 eam
1832 1075 1942 1147 jam

317 1161 473 1230 vidit,
519 1160 800 1237 obiterque
827 1161 1139 1234 delineavit,
1186 1179 1418 1234 corpore
1448 1163 1522 1218 H.
1551 1165 1838 1219 nemoralis
1856 1184 1943 1220 ex·

325 1266 408 1305 tus
438 1250 660 1304 infixam
686 1249 869 1322 saepius
902 1252 1135 1318 extraxi,
1179 1251 1491 1324 amicosque
1518 1250 1793 1305 extrahere
1824 1250 1945 1308 feci.

320 1336 558 1392 Candida
592 1338 692 1408 est,
738 1336 1042 1408 pellucenS‚
1092 1336 1449 1407 cartilaginea,
1494 1337 1749 1411 quadrata
1782 1357 1946 1411 angu-

317 1424 377 1478 lis
411 1423 955 1490 submembranaceiS,
1024 1425 1174 1495 apice
1206 1424 1520 1491 acutissima,
1586 1425 1732 1479 basin
1765 1426 1943 1481 versus

317 1510 652 1585 aliquantum
688 1509 948 1565 coarctata
971 1509 1027 1564 &
1066 1526 1226 1578 tereS,
1269 1509 1374 1582 ipsa
1405 1509 1536 1565 basis
1573 1529 1706 1567 vero
1739 1513 1949 1568 orbicu-

318 1597 416 1652 lata
443 1598 557 1665 ests
586 1598 642 1653 ὅτ
663 1613 928 1653 truncata:
972 1597 1130 1653 latera
1161 1599 1426 1669 percurrit
1448 1598 1592 1672 quafi
1617 1598 1752 1654 linea
1783 1602 1944 1656 utrin-

319 1703 426 1758 que
448 1687 680 1757 pinnata;
724 1684 919 1740 lineam
938 1685 1054 1754 lata,
1098 1684 1222 1740 octo
1247 1685 1409 1739 lineas
1429 1684 1591 1757 longa
1618 1688 1705 1742 est.
1812 1689 1944 1744 Cur·

322 1790 450 1827 vam
500 1776 683 1827 minus
729 1772 867 1827 bene
912 1773 1079 1844 Lcssi’r
1115 1772 1285 1838 dixit,
1344 1771 1558 1844 cuspide
1609 1774 1946 1848 quadruplici

317 1859 625 1914 instructam
672 1877 954 1931 perperam
1005 1877 1312 1930 anonymus
1353 1859 1413 1925 ἢ.
1543 1860 1808 1916 Humoris
1851 1882 1945 1918 cae-

319 1947 452 2001 rulei
477 1989 490 2013 ,
554 1965 721 2018 quem
753 1964 820 2000 ex
869 1946 1094 2000 vulnere
1134 1946 1370 1999 defluere
1398 1963 1575 2000 narrat
1616 1948 1799 2017 Lister,
1843 1968 1945 2005 nec

321 2034 557 2089 vulneris
609 2033 778 2088 ullum
817 2032 925 2087 vidi
974 2033 1260 2104 vestigium
1285 2075 1300 2102 ,
1366 2032 1487 2087 licet
1520 2052 1588 2088 ex
1626 2051 1857 2110 utroque
1891 2040 1948 2093 in

322 2120 426 2193 ipsa
469 2121 662 2192 copula
691 2120 892 2192 sagittas
920 2123 1259 2176 extraxerim.

493 2210 550 2263 In
579 2210 701 2264 testa
728 2208 874 2263 tectis
899 2211 1069 2264 coitus
1110 2227 1223 2262 non
1265 2224 1385 2263 ante
1424 2211 1726 2281 peragitur,
1781 2231 1948 2287 quam

326 2297 465 2351 testae
498 2299 895 2351 incrementum
928 2295 1226 2351 absolutum
1258 2296 1342 2367 fit,
1402 2296 1688 2352 absolvitur
1714 2302 1856 2354 enim
1893 2304 1948 2356 in

327 2384 611 2457 plerisque,
658 2403 784 2438 cum
799 2385 960 2439 limax
980 2386 1281 2455 marginem
1302 2400 1558 2455 aperturae
1581 2385 1731 2441 labro
1756 2387 1947 2443 firmat.

327 2472 454 2526 Hoc
474 2472 762 2542 pubertatis
787 2469 1183 2542 indicium,jam
1209 2473 1354 2525 enim
1379 2475 1637 2540 materieS,
1682 2491 1845 2547 quam
1864 2494 1948 2530 na-

328 2575 442 2613 tura
465 2558 795 2613 exstruendae
819 2558 1162 2615 domunculae
1191 2558 1514 2631 suppeditat,
1557 2558 1861 2616 formationi
1886 2562 1952 2617 sa·

1040 2647 1073 2701 b
1121 2660 1148 2718 3
1725 2651 1867 2719 gittae

387 2749 427 2799 ¹⁵)
459 2746 687 2799 Schauplatz
718 2745 784 2786 der
812 2747 965 2793 Natur,
1004 2746 1079 2788 vol,
1114 2747 1143 2785 1.
1178 2761 1213 2798 p.
1252 2758 1353 2801 277,
