2408 3601
492 276 630 324 xxvt
980 255 1128 313 TES
1146 254 1256 311 TA
1272 252 1456 310 CBA·

414 409 659 468 claudere
682 405 867 479 saepius
888 402 1016 458 vidi.
1104 399 1510 457 Concludcbam
1533 397 1684 465 hinc,
1721 395 1889 469 fi'opc
1909 397 2029 452 nitri

416 497 733 571 diſjblvemis
777 509 985 546 meram
1041 488 1376 543 substantiam
1430 501 1723 540 cretacearn
1745 526 1758 550 ,
1827 484 2030 538 nullam

417 584 919 646 membranaceam‚
962 574 1322 640 reticularem,
1366 571 1533 645 qualis
1565 573 1620 624 in
1654 569 1756 642 ipsa
1790 571 1914 625 testa
1949 569 2034 624 ad-

421 675 518 741 est,
555 665 1017 741 deprehenderem
1034 704 1047 730 ,
1076 659 1233 716 clarifi
1251 661 1494 714 virorum
1513 658 1666 712 Klein
1691 656 1747 711 δε
1770 657 2038 728 Heriſjmzt

417 757 740 832 hypothesin
769 753 1191 808 deincremento
1216 748 1465 802 testarum
1503 763 1598 818 per
1626 741 2041 815 intussufceptio-

419 865 547 903 nem
570 845 774 900 veritati
793 841 1100 913 proximam
1123 834 1247 903 effe,
1293 833 1330 888 si
1352 851 1482 888 vero
1498 830 1923 898 membranacea,
1947 829 2035 886 seu

423 931 661 990 animalis
680 973 694 998 ,
720 932 775 983 in
812 924 1069 999 operculo
1093 922 1251 977 obvia
1288 920 1409 975 effct
1428 964 1441 988 ‚
1496 920 1634 974 hanc
1661 936 1813 992 aequc
1843 918 2044 973 intesta

425 1040 484 1077 ac
501 1024 554 1075 in
569 1015 825 1092 operculo
842 1015 1029 1085 vapori
1045 1011 1253 1067 collaris
1276 1007 1564 1063 exhalantis
1582 1006 1817 1060 debitam
1840 1003 2042 1073 referri,

425 1108 670 1182 adeoque
705 1106 1103 1158 incrementum
1142 1098 1252 1152 fieri
1288 1113 1386 1168 per
1420 1094 1824 1167 appofitionem.
1911 1093 2045 1147 Haec

426 1195 702 1250 meditanti
741 1191 977 1244 occurrit
1018 1185 1124 1258 ipse
1180 1183 1498 1238 defideratus
1548 1181 1686 1235 Galli
1716 1195 2044 1235 commenta-

424 1286 533 1338 rius
552 1285 597 1348 '‘)
620 1299 634 1351 3
680 1296 792 1332 non
814 1279 1023 1330 minore
1048 1273 1325 1343 voluptate
1351 1266 1728 1322 membranam
1759 1265 2045 1320 animalem

424 1366 662 1442 operculi
681 1366 752 1420 H.
773 1363 1028 1436 pomatiae
1048 1357 1348 1414 nitidissime
1364 1354 1667 1427 impressam
1687 1353 1869 1421 lustro,
1895 1371 2043 1407 cum-

427 1474 534 1532 que
578 1453 782 1509 nullam
829 1447 1070 1521 operculi
1115 1464 1244 1501 cum
1300 1444 1488 1498 limace
1543 1441 1898 1496 cohaesionem
1950 1458 2046 1495 un·

426 1561 594 1619 quam
631 1539 889 1604 viderim,
922 1551 1011 1590 aut
1043 1532 1282 1605 suspicari
1315 1531 1522 1585 licuerit
1543 1572 1558 1598 ‚
1611 1528 1922 1583 sententiam
1969 1525 2037 1581 de

428 1635 762 1687 incremento
792 1643 888 1696 per
916 1621 1309 1694 appositionem
1352 1635 1463 1671 non
1498 1634 1693 1688 parum
1737 1614 2046 1670 corrobora-

432 1735 540 1774 tam
562 1710 778 1783 cense03
822 1708 1040 1766 aversari
1072 1707 1294 1782 quidem
1327 1704 1541 1759 videtur
1568 1703 1921 1774 ligamentum
1963 1719 2049 1757 va-

429 1802 687 1861 stulosum
708 1842 721 1868 ‚
769 1815 882 1872 quo
915 1794 1239 1868 operculum
1265 1792 1388 1864 pedi
1416 1791 1617 1846 limacis
1645 1789 1912 1844 adhaerere
1933 1788 2050 1856 affe-

429 1895 496 1949 rit
511 1888 726 1955 au&or‚
769 1888 1006 1957 ingenue
1029 1898 1224 1948 tamen,
1256 1880 1377 1934 licet
1401 1878 1565 1933 fidem
1585 1875 1733 1932 dietis
1756 1874 1914 1931 claris.
1933 1876 2048 1930 Viri

432 1977 706 2035 detrahere
725 1973 943 2039 nollem,
968 1968 1356 2034 confiteor‚me
1379 1965 1591 2019 nullum
1609 1965 1882 2034 ligamenti
1900 1964 2048 2016 vcsti-

433 2070 587 2141 gium
608 2077 852 2136 unquam
878 2060 931 2111 in
951 2055 1090 2127 pede
1116 2054 1393 2120 limacum,
1438 2052 1704 2126 liquorem
1739 2067 1871 2103 vero
1900 2049 2051 2108 undi-

434 2171 542 2230 que
561 2170 589 2205 c
604 2149 784 2206 collari
806 2145 1142 2218 spumantem
1159 2143 1342 2213 paucis
1356 2140 1644 2193 momentis
1660 2140 1713 2190 in
1728 2136 2050 2208 operculum

434 2239 661 2297 evadere
689 2235 870 2307 saepius
898 2230 1099 2297 vidisse,
1144 2247 1245 2282 nec
1263 2246 1373 2301 quo
1404 2225 1572 2281 modo
1608 2242 1711 2297 ope
1742 2225 1898 2277 unius
1927 2223 2049 2294 liga-

433 2329 600 2384 menti
622 2324 707 2380 seu
723 2321 913 2376 canalis
941 2315 1221 2383 advectitii,
1241 2315 1296 2369 ἃ
1316 2312 1538 2388 quidem
1557 2329 1668 2366 non
1682 2326 1869 2367 cen-tro
1892 2327 2043 2381 oper-

436 2415 541 2471 culi
563 2412 649 2468 sed
672 2411 816 2466 lateri
840 2406 983 2462 affixi
1003 2402 1324 2477 operculum
1343 2400 1476 2455 adeo
1500 2397 1890 2471 compositum,
1922 2415 2044 2469 qua—

1914 2483 1963 2537 le

494 2622 535 2672 ³³)
567 2616 773 2657 Memoires
803 2612 847 2652 de
881 2609 1108 2651 l’Academie
1142 2606 1205 2648 des
1236 2607 1428 2653 sciences3
1477 2606 1497 2644 21
1528 2604 1630 2650 Paris
1665 2603 1788 2657 1766.
