2408 3601
874 303 980 358 TE
989 306 1033 358 S
1046 302 1155 358 TA
1169 304 1212 359 C
1223 303 1268 358 E
1278 304 1353 359 A:
1693 329 1826 369 xxm<

305 462 577 505 cremento
629 447 877 502 testarum
923 465 1018 520 per
1056 447 1554 519 juxtapofitionem‚
1594 452 1904 512 immortalis

302 538 599 589 REAUMUR
635 536 874 608 meisque
901 532 1353 589 observationibus
1378 535 1625 591 nondum
1644 538 1902 611 refutatis,

298 620 422 675 sarta
458 620 588 675 testa
615 622 860 693 persistit,
893 621 1357 695 pliaenomenaque
1386 622 1529 676 allata
1553 624 1810 695 ampliore
1836 631 1908 682 in·

299 708 575 781 quifitione
601 708 894 779 digniffima
915 751 929 775 ,
974 725 1170 762 naturae
1202 708 1445 763 consultis
1459 712 1902 770 commendanda.

465 796 656 849 Praeter
672 796 807 848 hanc
829 796 1079 849 testarum
1098 796 1564 865 amplificationem
1587 797 1641 851 δῖ
1657 801 1900 856 restaura-

297 883 499 935 tionem
520 882 770 936 omnibus
785 900 1157 949 communem,
1179 882 1340 936 limax
1362 883 1683 938 terrestrium
1699 902 1904 942 aetatem

296 968 529 1022 adultam
563 968 785 1040 adeptus
816 971 1117 1040 marginem
1160 986 1418 1041 aperturae
1453 970 1658 1025 fimbria
1681 1014 1694 1039 ,
1739 992 1907 1047 quam

291 1056 501 1110 labrum
530 1056 844 1127 apellamus,
882 1056 1149 1110 coronidis
1174 1056 1293 1110 loco
1318 1058 1371 1109 in
1400 1056 1664 1130 plerisque
1702 1059 1899 1133 firmat3

292 1142 470 1197 hocin
491 1146 672 1215 paucis
704 1142 950 1198 dentibus
975 1160 1210 1198 armatur
1237 1185 1249 1211 ‚
1294 1141 1538 1198 foramen
1565 1148 1679 1200 axis
1710 1149 1762 1201 in
1786 1166 1900 1220 per-

292 1228 469 1284 foratis
497 1231 735 1297 obturat‚
781 1230 1098 1285 umbilicum
1125 1249 1255 1286 vero
1289 1233 1343 1284 in
1372 1231 1686 1287 umbilicatis
1711 1235 1795 1288 vel
1830 1255 1898 1292 ex

290 1332 439 1387 parte
470 1317 554 1370 vel
588 1319 901 1391 neutiquam
946 1320 1090 1388 tegit.
1174 1317 1355 1373 Labro
1400 1320 1467 1372 ita
1503 1318 1719 1376 ulterius
1759 1323 1900 1377 testae

290 1420 646 1474 augmentum
681 1404 863 1473 ceffat3
908 1407 961 1457 in
992 1405 1310 1475 paucissimis
1353 1419 1530 1459 tamen
1560 1448 1572 1472 ,
1634 1409 1895 1463 rationem

285 1492 504 1561 ignom,
549 1509 764 1544 novum
787 1493 1180 1543 incrementum
1212 1489 1534 1563 insequitur,
1585 1491 1809 1548 secunda
1839 1495 1896 1550 &

285 1580 431 1632 tertia
456 1577 504 1647 *)
549 1579 762 1631 coronis
794 1579 1109 1648 imponitur.
1194 1578 1560 1631 Mutationum
1603 1577 1794 1634 harum
1820 1584 1893 1635 in-

284 1664 419 1719 scitia
446 1663 903 1735 Conchyliologos
924 1666 977 1717 in
1002 1682 1208 1718 errores
1233 1663 1487 1731 abduxit,
1549 1664 1892 1723 cochlearum

284 1756 426 1806 enim
449 1750 684 1821 juniores
715 1751 769 1804 &
803 1751 1036 1818 adultaS,
1081 1750 1372 1822 perforatas
1409 1751 1465 1805 &
1495 1751 1896 1823 imperforataS,·

283 1841 491 1895 labiatas
523 1838 578 1891 ἃ
610 1837 736 1891 labri
772 1853 1018 1908 expertes
1045 1880 1057 1904 ,
1103 1837 1335 1891 dentatas
1374 1837 1429 1891 8<
1463 1840 1690 1892 muticas
1724 1839 1893 1911 specie

282 1925 505 1980 diversas
551 1923 962 1994 descripserunt,
1024 1943 1150 1977 cum
1195 1923 1475 1993 cujuslibet
1520 1926 1795 1980 animantis
1834 1928 1891 1983 8<

281 2013 575 2084 vegetantis
593 2009 862 2065 character
877 2010 1149 2081 specificus
1170 2029 1196 2064 a
1214 2008 1443 2081 perfecta
1468 2010 1522 2065 ἃ
1542 2010 1716 2066 adulta
1741 2029 1890 2068 aetate

280 2099 544 2173 petendus
573 2098 654 2165 sit,
709 2117 828 2171 quae
866 2097 1106 2152 cochleas
1137 2100 1360 2152 muticas
1390 2097 1578 2168 paffim
1618 2097 1852 2154 dentatas
1873 2144 1886 2168 ,

274 2185 566 2260 perforatas
594 2188 885 2239 maximam
918 2201 1125 2257 partem
1167 2183 1539 2256 imperforatas
1574 2184 1727 2255 fistit,
1771 2204 1889 2241 um-

276 2275 505 2329 bilicatas
528 2271 587 2344 ss)
633 2282 763 2327 vero
790 2276 1097 2327 immutatas
1124 2273 1397 2327 monstrat.

1011 2363 1049 2416 d
1091 2377 1120 2433 3
1548 2359 1799 2416 Alterum

332 2503 371 2555 ³¹)
403 2500 502 2538 Hinc
534 2497 689 2544 suturae,
722 2498 823 2536 unde
854 2498 1022 2536 auum-es
1049 2495 1139 2548 soepe
1171 2505 1279 2535 notas
1308 2494 1490 2548 specificas
1519 2494 1691 2542 sumsere,
1722 2497 1881 2547 plerum-

498 2581 570 2618 que
607 2566 847 2605 accidentales
879 2567 920 2606 ἅ
948 2578 1095 2603 merum
1126 2566 1274 2604 labrum
1307 2566 1478 2603 relic'tum
1510 2565 1740 2603 denotantes.

327 2669 386 2717 m‘)
417 2667 621 2706 Coclileam
654 2667 926 2709 umhificamm,
970 2662 995 2700 fi
1027 2664 1064 2700 in
1100 2676 1191 2701 cavo
1224 2664 1300 2701 axis
1336 2661 1520 2701 anfi-anus
1537 2660 1727 2713 conspicui
1760 2661 1872 2709 sunt,

492 2735 546 2773 sm
570 2735 712 2780 minus,
733 2735 965 2789 perforatam
986 2731 1105 2771 dicere
1133 2740 1293 2782 oportet.
