2408 3601
500 308 601 346 xvl
999 288 1477 346 TESTACEA.

415 434 565 511 quod
599 435 793 490 indicat
823 435 1074 502 LxsTER,
1131 438 1354 490 minime
1387 436 1635 508 poHunt;
1693 439 1829 493 oculi
1860 440 2057 512 aquati·

415 541 607 578 corum
644 526 940 578 vcstiuntur
969 522 1343 577 membranula
1387 524 1689 595 pellucente
1715 569 1726 588 ,
1804 545 1968 600 quam
2003 527 2056 580 li·

415 629 572 678 max,
619 629 676 664 ut
717 610 925 681 objefflm
961 610 1237 683 perspicue
1275 610 1481 675 lustret,
1531 612 1582 664 in
1617 613 1927 668 colliculum
1961 617 2055 669 eri-

416 702 510 772 git.
598 699 900 753 Tentacula
947 700 1165 754 inutilia
1199 697 1547 771 &superflua
1582 717 1782 754 temere
1819 718 2053 772 pronun·

415 790 516 842 ciat
537 786 697 842 claris.
735 789 1047 855 ADANSON,
1093 805 1222 842 cum
1262 787 1328 842 ab
1360 789 1657 858 ignorantia
1695 787 1814 843 usus
1848 788 1914 843 ad
1943 808 2057 845 non

413 875 566 931 usum
591 875 958 947 minuslogice
971 874 1348 946 concludatur3
1396 875 1430 930 si
1453 875 1670 930 limaces
1683 877 1958 932 tentaculis
1977 895 2058 933 or-

417 964 568 1018 batos
596 966 763 1018 vitam
787 982 942 1038 aeque
966 963 1191 1035 degere,
1237 981 1297 1017 ac
1338 962 1530 1017 iisdem
1568 963 1852 1019 instructos
1873 968 2057 1038 cogni-

416 1068 534 1106 tum
566 1050 847 1119 habuisset,
904 1050 1074 1123 specie
1098 1051 1481 1124 probabilitatis
1511 1050 1608 1106 fizse
1646 1053 2059 1109 commendaret

416 1143 574 1196 nimis
611 1139 721 1211 jam
766 1139 941 1195 audax
975 1139 1205 1207 affertiO,
1259 1138 1394 1213 quid
1435 1158 1571 1194 vero
1594 1184 1607 1208 ,
1673 1141 1710 1195 fi
1743 1157 1856 1196 toto
1886 1144 2056 1215 capite

419 1228 539 1283 orbi
573 1231 739 1281 vitam
774 1228 907 1282 ultra
930 1245 1135 1282 annum
1177 1226 1516 1299 producant,
1579 1245 1647 1281 an
1694 1246 1858 1300 caput
1895 1232 2057 1301 igitur

410 1315 600 1369 inutile
623 1314 678 1369 &
701 1313 1069 1386 superfluum?
1114 1331 1270 1382 cura,
1317 1330 1422 1387 qua
1435 1313 1642 1369 Natura
1666 1318 1849 1389 capitis
1873 1317 1928 1372 8<
1950 1334 2057 1373 ten-

419 1402 725 1458 taculorum
767 1402 1158 1456 restitutionem
1202 1401 1449 1470 molitur,
1508 1400 1791 1477 sensusque
1835 1406 2060 1479 exquisi-

419 1493 521 1547 tior
556 1506 724 1564 quam
749 1491 805 1544 in
840 1488 1049 1563 reliquo
1084 1506 1345 1560 corpore,
1392 1488 1544 1563 quod
1568 1488 1676 1561 ipse
1704 1490 1901 1547 eodem
1930 1493 2052 1548 loco

417 1578 733 1647 confitetur,
778 1577 816 1632 fi
835 1576 1070 1652 quodvis
1094 1576 1236 1632 aliud
1267 1593 1657 1648 argumentum
1683 1577 1901 1650 deeffet,
1938 1580 2052 1637 haec

419 1683 622 1739 organa
647 1683 804 1741 aeque
822 1664 965 1720 utilia
987 1665 1042 1722 δε
1067 1663 1348 1721 neceslaria
1379 1664 1504 1734 esse,
1549 1667 1763 1723 evincit.

586 1840 941 1910 Membrana,
986 1859 1155 1916 quam
1186 1856 1395 1897 veteres
1422 1841 1676 1911 limbum,
1721 1842 1967 1899 hodierni
2001 1847 2055 1900 in

418 1930 699 1986 limacibus
733 1929 820 1985 seu
864 1929 1208 1984 cochlearum
1251 1929 1522 2002 inquilinis
1565 1931 1755 1985 collare
1797 1931 1903 1985 five
1940 1933 2052 2003 pal·

415 2020 551 2073 lium
574 2019 884 2087 nominant,
928 2016 1133 2071 collum
1157 2016 1394 2072 animalis
1421 2019 1611 2089 cingit,
1655 2034 1716 2072 ac
1749 2036 1816 2072 ex
1849 2016 2049 2075 senten-

419 2109 486 2161 tia
514 2104 863 2179 quorundam
894 2105 1081 2160 testam
1111 2108 1319 2159 interne
1344 2104 1399 2159 δε
1429 2108 1650 2160 externe
1690 2107 1747 2160 in
1779 2107 2051 2162 nonnullis

417 2195 589 2249 vestit.
716 2191 851 2249 Usus
884 2191 998 2264 ejus
1034 2193 1331 2249 secundum
1359 2191 1605 2248 auctores
1637 2195 1838 2248 varius:
1882 2193 2053 2251 hiatus

422 2282 585 2351 duoS‚
654 2281 882 2337 alterum
924 2281 1197 2349 foecibus,
1253 2281 1481 2336 alterum
1522 2283 1628 2336 aeri
1676 2280 2050 2339 inservientem

420 2373 686 2439 continet,·
730 2371 1017 2425 ADANSON
1048 2385 1223 2442 putat,
1269 2368 1511 2441 pallium,
1557 2369 1778 2436 collare,
1823 2390 1892 2426 ne
1913 2390 2048 2447 aqua

420 2457 722 2513 animaculo
748 2460 919 2512 invito
945 2458 1130 2513 testam
1153 2459 1327 2525 intret,
1354 2456 1642 2528 impedire,
1690 2458 1775 2513 vel
1795 2458 2050 2513 intromis-

420 2547 527 2602 ssim
553 2548 797 2603 retinere.
884 2547 977 2602 An
1009 2545 1173 2601 limax
1205 2563 1450 2620 unquam
1486 2564 1683 2620 aquam
1713 2548 1768 2599 in
1798 2547 2047 2602 interiora

421 2635 558 2690 testa:
585 2633 849 2702 admittat,
906 2636 1138 2690 incertus
1160 2632 1300 2700 sum,
1343 2651 1446 2689 nec
1480 2634 1656 2701 video,
1701 2632 1878 2688 collari
1902 2650 2046 2705 aper-

1778 2738 1959 2776 ruram
